<?xml version="1.0" encoding="UTF-8"?><collection xmlns="http://www.loc.gov/MARC21/slim"><record><leader>00454nam--2200157-i-4500</leader><controlfield tag="001">000011061</controlfield><controlfield tag="002">20161230</controlfield><controlfield tag="005">20170115164047</controlfield><controlfield tag="008">060222s1000------------r-----000-0-eng-d</controlfield><datafield ind1=" " ind2=" " tag="080"><subfield code="a">530.145(047.1)</subfield></datafield><datafield ind1=" " ind2=" " tag="100"><subfield code="a">Caianiello, E. R</subfield></datafield><datafield ind1=" " ind2=" " tag="245"><subfield code="a">The g 4 quantum field theory in the static ultralocal approximation</subfield></datafield><datafield ind1=" " ind2=" " tag="260"><subfield code="a">Salerno</subfield><subfield code="b">Istitutodi Fisica Dell Universita Di Salerno</subfield><subfield code="c">1974</subfield></datafield><datafield ind1=" " ind2=" " tag="300"><subfield code="a">16 p</subfield></datafield><datafield ind1=" " ind2=" " tag="852"><subfield code="a">41178</subfield></datafield><datafield ind1=" " ind2=" " tag="CAT"><subfield code="a">SYS</subfield><subfield code="c">20170115</subfield><subfield code="h">164047</subfield></datafield></record></collection>